<?xml version="1.0" encoding="UTF-8"?><collection xmlns="http://www.loc.gov/MARC21/slim"><record><leader>00522nam--2200181-i-4500</leader><controlfield tag="001">000012182</controlfield><controlfield tag="002">20161230</controlfield><controlfield tag="005">20161230201029</controlfield><controlfield tag="008">060222s1000------------r-----000-0-fre-d</controlfield><datafield ind1=" " ind2=" " tag="040"><subfield code="a">IFIN-HH</subfield></datafield><datafield ind1=" " ind2=" " tag="041"><subfield code="a">fre</subfield></datafield><datafield ind1=" " ind2=" " tag="080"><subfield code="a">538.951(043):538.955</subfield></datafield><datafield ind1="1" ind2=" " tag="100"><subfield code="a">Duruy, Nicolas</subfield></datafield><datafield ind1="1" ind2="0" tag="245"><subfield code="a">Oscillations quantiques geantes de l'attenuation des ondes de reyleigh dans le gallium</subfield><subfield code="b">These</subfield><subfield code="c">Nicolas duruy</subfield></datafield><datafield ind1=" " ind2=" " tag="260"><subfield code="a">Paris</subfield><subfield code="b">Universite De Paris</subfield><subfield code="c">1977</subfield></datafield><datafield ind1=" " ind2=" " tag="300"><subfield code="a">84P</subfield></datafield><datafield ind1=" " ind2=" " tag="852"><subfield code="a">44856</subfield><subfield code="c">539.2</subfield></datafield><datafield ind1=" " ind2=" " tag="CAT"><subfield code="a">Sys</subfield><subfield code="c">20121025</subfield><subfield code="h">155402</subfield></datafield></record></collection>